<record><leader>00000cas a22000007a 4500</leader><controlfield tag="001">19577621</controlfield><controlfield tag="008">890420d19121922njuwr ne      0    0eng d</controlfield><datafield ind1=" " ind2=" " tag="010"><subfield code="a">sn 88071154 </subfield></datafield><datafield ind1=" " ind2=" " tag="040"><subfield code="a">NJW</subfield><subfield code="b">eng</subfield><subfield code="c">NJW</subfield><subfield code="d">OCLCQ</subfield></datafield><datafield ind1=" " ind2=" " tag="042"><subfield code="a">msc</subfield></datafield><datafield ind1="0" ind2="4" tag="245"><subfield code="a">The Clinton weekly.</subfield></datafield><datafield ind1=" " ind2=" " tag="260"><subfield code="a">Irvington, N.J. :</subfield><subfield code="b">Clinton Pub. Co.,</subfield><subfield code="c">1912-1922.</subfield></datafield><datafield ind1=" " ind2=" " tag="310"><subfield code="a">Weekly</subfield></datafield><datafield ind1="0" ind2=" " tag="362"><subfield code="a">Vol. 1, no. 1 (Apr. 12, 1912)-v. 11, no. 28 (Oct. 27, 1922).</subfield></datafield><datafield ind1=" " ind2=" " tag="752"><subfield code="a">United States</subfield><subfield code="b">New Jersey</subfield><subfield code="c">Essex</subfield><subfield code="d">Irvington.</subfield></datafield><datafield ind1=" " ind2=" " tag="752"><subfield code="a">United States</subfield><subfield code="b">New Jersey</subfield><subfield code="c">Essex</subfield><subfield code="d">Newark.</subfield></datafield><datafield ind1="0" ind2="0" tag="785"><subfield code="t">Irvington herald and the Clinton weekly</subfield><subfield code="w">(DLC)sn 88071155</subfield><subfield code="w">(OCoLC)19576843</subfield></datafield></record>